@article{Tullgren1917,
   author = {A Tullgren},
   journal = {Entomologisk Tidskrift},
   pages = {97-100},
   title = {En enkel apprat för automatiskt vittjande av sällgods},
   volume = {38},
   url = {https://www.biodiversitylibrary.org/item/42375#page/124/mode/1up},
   year = {1917},
}

@article{Berlese1905,
   author = {Antonio Berlese},
   journal = {REDIA – Journal of Zoology},
   pages = {85-89},
   title = {Apparecchio Per Raccogliere Presto E In Gran Numero Piccoli Arthropodi},
   year = {1905},
}




@misc{Leather2016,
   author = {Simon Leather},
   journal = {Blog},
   title = {Entomological classics – The Tullgren (Berlese) Funnel | Don't Forget the Roundabouts},
   url = {https://simonleather.wordpress.com/2016/05/03/entomological-classics-the-tullgren-berlese-funnel/},
   year = {2016},
}

